<?xml version="1.0" encoding="UTF-8"?><collection xmlns="http://www.loc.gov/MARC21/slim"><record><leader>00422nam--2200169-i-4500</leader><controlfield tag="001">000005574</controlfield><controlfield tag="002">20161230</controlfield><controlfield tag="005">20161230201026</controlfield><controlfield tag="008">060222s1000------------r-----000-0-fre-d</controlfield><datafield ind1=" " ind2=" " tag="040"><subfield code="a">IFIN-HH</subfield></datafield><datafield ind1=" " ind2=" " tag="041"><subfield code="a">fre</subfield></datafield><datafield ind1="1" ind2=" " tag="100"><subfield code="a">Debraine, P</subfield></datafield><datafield ind1="1" ind2="0" tag="245"><subfield code="a">Unites de mesure des grandeurs physiques</subfield><subfield code="c">P. Debraine</subfield></datafield><datafield ind1=" " ind2=" " tag="260"><subfield code="a">Paris, Dunod, 1961</subfield></datafield><datafield ind1=" " ind2=" " tag="300"><subfield code="a">XIII + 186 P</subfield></datafield><datafield ind1=" " ind2=" " tag="852"><subfield code="a">16557</subfield><subfield code="c">531.7</subfield></datafield><datafield ind1=" " ind2=" " tag="CAT"><subfield code="a">Sys</subfield><subfield code="c">20100709</subfield><subfield code="h">100209</subfield></datafield></record></collection>